% This file was created with JabRef 2.10b2.
% Encoding: UTF-8


@Electronic{2015,
  Title                    = {Ultimate guide for scraping JavaScript rendered web pages},
  Author                   = {Naren arya},
  Month                    = {January},
  Url                      = {https://impythonist.wordpress.com/2015/01/06/ultimate-guide-for-scraping-javascript-rendered-web-pages/},
  Year                     = {2015},

  Owner                    = {pedro},
  Timestamp                = {2015.12.11}
}

@Electronic{Blank-Edelm,
  Title                    = {The 10-Minute XPath Tutorial - Automating System Administration with Perl},
  Author                   = {David N. Blank-Edelman},
  Language                 = {English},
  Url                      = {http://archive.oreilly.com/pub/a/perl/excerpts/system-admin-with-perl/ten-minute-xpath-utorial.html},

  Owner                    = {pedro},
  Timestamp                = {2015.12.02}
}

@Electronic{JamesClark1993,
  Title                    = {XML Path Language (XPath)},
  Author                   = {James Clark, Steve DeRose},
  Language                 = {English},
  Organization             = {W3C},
  Url                      = {http://www.w3.org/TR/xpath/},
  Year                     = {1993},

  Owner                    = {pedro},
  Timestamp                = {2015.12.02}
}

@Electronic{MiloslavNic,
  Title                    = {XPath Tutorial},
  Author                   = {Miloslav Nic, Jiri Jirat},
  Language                 = {English},
  Url                      = {http://www.zvon.org/xxl/XPathTutorial/General/examples.html},

  Owner                    = {pedro},
  Timestamp                = {2015.12.02}
}

@Electronic{Muthukad2014,
  Title                    = {Selenium with Python},
  Author                   = {Baiju Muthukadan},
  Organization             = {Read the docs},
  Url                      = {http://selenium-python.readthedocs.org/},
  Year                     = {2014},

  Owner                    = {pedro},
  Timestamp                = {2015.12.11}
}

